@article{song2010limits,
  title={Limits of predictability in human mobility},
  author={Song, Chaoming and Qu, Zehui and Blumm, Nicholas and Barab{\'a}si, Albert-L{\'a}szl{\'o}},
  journal={Science},
  volume={327},
  number={5968},
  pages={1018--1021},
  year={2010},
  publisher={American Association for the Advancement of Science}
}

@article{de2013unique,
  title={Unique in the Crowd: The privacy bounds of human mobility},
  author={de Montjoye, Yves-Alexandre and Hidalgo, C{\'e}sar A and Verleysen, Michel and Blondel, Vincent D},
  journal={Scientific reports},
  volume={3},
  year={2013},
  publisher={Nature Publishing Group}
}